@article{hgs2018udit,
     author = {Hans Georg Schaathun
               and Sebastian SÃ¸viknes Gundersen},
   title = {Quiz for diskusjon og samarbeid i store klasser},
   journal = {Norsk Informatikkonferanse},
	 pdf = {Papers/hgs2018udit.pdf},
   year = 2018,
   month = sep,
      venue = {Svalbard},
       note = {Open access at \url{http://ojs.bibsys.no/index.php/NIK/index}.
	       ISSN 1892-0721
       },
}
@book{biggs11a,
	author = "Biggs, J. and Tang, C.",
	edition = "4th",
	owner = "robin",
	publisher = "McGraw Hill/Open University Press",
	timestamp = "2012.03.29",
	title = "{Teaching for Quality Learning at University}",
	year = "2011"
}
